@InProceedings{Abdelhameed-ANS-2022,
    author = "Abdelhameed, Ahmed Amin and Cao, Yan and Nunez, Daniel and Miao, Yinbin and Mo, Kun and Lee, Changho and Shemon, Emily and Stauff, Nicolas E.",
    title = "High-Fidelity Multiphysics Modeling of Load Following for 3-D Gas-Cooled Microreactor Assembly using NEAMS Codes",
    booktitle = "{Proceedings of the American Nuclear Society Winter Conference}",
    year = "2022"
}

@article{CASL-report,
  title = {Specification for the VERA Depletion Benchmark Suite},
  author = {Kim, Kang Seog},
  journal = {},
  url = {10.2172/1256820},
  place = {United States},
  year = {2015},
  month = {12}
}

@article{chiang-gcmr,
  title = {Evaluation of the HTTR criticality and burnup calculations with continuous-energy and multigroup cross sections},
  journal = {Nuclear Engineering and Design},
  volume = {271},
  pages = {327-331},
  year = {2014},
  note = {SI : HTR 2012},
  issn = {0029-5493},
  url = {https://doi.org/10.1016/j.nucengdes.2013.11.056},
  author = {Min-Han Chiang and Jui-Yu Wang and Rong-Jiun Sheu and Yen-Wan Hsueh Liu}
}

@inbook{d-and-h,
	title = {Nuclear Reactor Analysis},
	chapter = {15},
	isbn = {0-471-22363-8},
	publisher = {Wiley},
	author = {James J. Duderstadt and Louis J. Hamilton},
	month = {June},
	year = {1976},
	address = {New York},
}

@article{Hernandez-hpmr,
title = {Micro heat pipe nuclear reactor concepts: Analysis of fuel cycle performance and environmental impacts},
journal = {Annals of Nuclear Energy},
volume = {126},
pages = {419-426},
year = {2019},
issn = {0306-4549},
url = {https://doi.org/10.1016/j.anucene.2018.11.050},
author = {Richard Hernandez and Michael Todosow and Nicholas R. Brown},
keywords = {Heat pipe reactor, Fuel cycle performance, Modular microreactor},
}

@website{INL_MR,
  author = {Joel Hiller},
  title = {Microreactors},
  organization = {Idaho National Lab},
  url = {https://inl.gov/trending-topics/microreactors/},
  urldate = {2024-04-09},
  date = {August 2023}
}

@article{isotalo_comparison_2015,
	title = {Comparison of {Neutronics}-{Depletion} {Coupling} {Schemes} for {Burnup} {Calculations}},
	volume = {179},
	issn = {0029-5639, 1943-748X},
	url = {10.13182/NSE14-35},
	language = {en},
	number = {4},
	urldate = {2023-04-13},
	journal = {Nuclear Science and Engineering},
	author = {Isotalo, Aarno and Sahlberg, Ville},
	month = apr,
	year = {2015},
	pages = {434--459}
}

@inproceedings{kim_reactivity_equivalent_2005,
	address = {Busan, Korea},
	title = {Reactivity-{Equivalent} {Physical} {Transformation} for {Homogenization} of {Double}-{Heterogeneous} {Fuels}},
	booktitle = {Transactions of the {Korean} {Nuclear} {Society} {Autumn} {Meeting}},
	publisher = {Korea Atomic Energy Research Institute},
	author = {Kim, Yonghee and Kim, Kang Seog and Noh, Jae Man},
	month = oct,
	year = {2005}
}

@book{nea-oecd-LF,
   author = "OECD and Nuclear Energy Agency",
   title = "Technical and Economic Aspects of Load Following with Nuclear Power Plants",
   year = "2021",
   pages = 53,
   url = "https://doi.org/10.1787/29e7df00-en"
}

@article{novak2022-cardinal,
   author = {A.J. Novak and D. Andrs and P. Shriwise and J. Fang and H. Yuan and D. Shaver and E. Merzari and P.K. Romano and R.C. Martineau},
    title = {{Coupled {Monte} {Carlo} and Thermal-Fluid Modeling of High Temperature Gas Reactors Using {Cardinal}}},
  journal = {Annals of Nuclear Energy},
     year = 2022,
   volume = 177,
    pages = {109310},
      url = {10.1016/j.anucene.2022.109310}
}

@article{openmc,
   author = {P.K. Romano and N.E. Horelik and B.R. Herman and A.G. Nelson and B. Forget and K. Smith},
    title = {{OpenMC: A State-of-the-Art {Monte} {Carlo} Code for Research and Development}},
  journal = {Annals of Nuclear Energy},
     year = {2015},
   volume = {82},
    pages = {90--97},
      url = {10.1016/j.anucene.2014.07.048}
}

@misc{openmc-chains,
  url={https://openmc.org/depletion-chains/},
  title={Depletion Chains},
  publisher={OpenMC}
}

@article{romano-depletion-2021,
    title = {Depletion capabilities in the {OpenMC} {Monte} {Carlo} particle transport code},
    volume = {152},
    issn = {03064549},
    url = {10.1016/j.anucene.2020.107989},
    language = {en},
    urldate = {2022-11-18},
    journal = {Annals of Nuclear Energy},
    author = {Romano, Paul K. and Josey, Colin J. and Johnson, Andrew E. and Liang, Jingang},
    month = mar,
    year = {2021}
}

@InProceedings{Stauff-applications-2022,
  author = "Stauff, Nicolas E. and Abdelhameed, Ahmed Amin and Cao, Yan and Nunez, Daniel and Miao, Yinbin and Mo, Kun and Lee, Changho and Matthews, Christopher and Shemon, Emily and Thomas, Justin",
  title = "Applications of NEAMS Codes for Multiphysics Modeling of Several Microreactors Problems",
  booktitle = "{Proceedings of the American Nuclear Society Winter Conference}",
  year = "2022"
}

@article{Stauff-preliminary-applications-2021,
  author = {Stauff, Nicolas E. and Mo, Kun and Cao, Yan and Thomas, Justin W. and Miao, Yinbin and Lee, Changho and Matthews, Christopher and Feng, Bo},
  title = {Preliminary Applications of NEAMS Codes for Multiphysics Modeling of a Heat Pipe Microreactor},
  year = {2021},
  journal = {Proceedings of the American Nuclear Society Annual 2021 Meeting}
}

@article{triso-overview,
	title = {A review of {TRISO} fuel performance models},
	volume = {405},
	issn = {0022-3115},
	doi = {https://doi.org/10.1016/j.jnucmat.2010.07.030},
	number = {1},
	journal = {Journal of Nuclear Materials},
	author = {Powers, Jeffrey J. and Wirth, Brian D.},
	year = {2010},
	pages = {74--82}
}

@article{vtb2023,
  author = {Guillaume L. Giudicelli and Abdalla Abou-Jaoude and April J. Novak and Ahmed Abdelhameed and Paolo Balestra and Lise Charlot and Jun Fang and Bo Feng and Thomas Folk and Ramiro Freile and Thomas Freyman and Derek Gaston and Logan Harbour and Thanh Hua and Wen Jiang and Nicolas Martin and Yinbin Miao and Jason Miller and Isaac Naupa and Dan Oâ€™Grady and David Reger and Emily Shemon and Nicolas Stauff and Mauricio Tano and Stefano Terlizzi and Samuel Walker and Cody Permann},
  title = {The Virtual Test Bed (VTB) Repository: A Library of Reference Reactor Models Using NEAMS Tools},
  journal = {Nuclear Science and Engineering},
  volume = {0},
  number = {0},
  pages = {1-17},
  year  = {2023},
  publisher = {Taylor & Francis},
  URL = {https://doi.org/10.1080/00295639.2022.2142440}
}